@article{fink1997property,
  title={Property-based testing: a new approach to testing for assurance},
  author={Fink, George and Bishop, Matt},
  journal={ACM SIGSOFT Software Engineering Notes},
  volume={22},
  number={4},
  pages={74--80},
  year={1997},
  publisher={ACM}
}
@inproceedings{petersen2008systematic,
  title={Systematic Mapping Studies in Software Engineering.},
  author={Petersen, Kai and Feldt, Robert and Mujtaba, Shahid and Mattsson, Michael},
  booktitle={EASE},
  volume={8},
  pages={68--77},
  year={2008}
}
@book{9781680506211,
  Author = {Fred Hebert},
  Title = {Property-Based Testing with PropEr, Erlang, and Elixir: Find Bugs Before Your Users Do},
  Publisher = {Pragmatic Bookshelf},
  Year = {2019},
  ISBN = {1680506218},
  URL = {https://www.amazon.com/Property-Based-Testing-PropEr-Erlang-Elixir/dp/1680506218?SubscriptionId=AKIAIOBINVZYXZQZ2U3A&tag=chimbori05-20&linkCode=xm2&camp=2025&creative=165953&creativeASIN=1680506218}
}
@book{delamaro2017introduccao,
  title={Introdu{\c{c}}{\~a}o ao teste de software},
  author={Delamaro, Marcio and Jino, Mario and Maldonado, Jos{\'e}},
  year={2017},
  publisher={Elsevier Brasil}
}
@inproceedings{peleg2018generating,
  title={Generating Tests by Example},
  author={Peleg, Hila and Rasin, Dan and Yahav, Eran},
  booktitle={International Conference on Verification, Model Checking, and Abstract Interpretation},
  pages={406--429},
  year={2018},
  organization={Springer}
}
@inproceedings{martin2018property,
  title={Property-Based Testing of Browser Rendering Engines with a Consensus Oracle},
  author={Martin, Joel and Levine, David},
  booktitle={2018 IEEE 42nd Annual Computer Software and Applications Conference (COMPSAC)},
  pages={424--429},
  year={2018},
  organization={IEEE}
}
@inproceedings{loscher2018automating,
  title={Automating Targeted Property-Based Testing},
  author={L{\"o}scher, Andreas and Sagonas, Konstantinos},
  booktitle={Software Testing, Verification and Validation (ICST), 2018 IEEE 11th International Conference on},
  pages={70--80},
  year={2018},
  organization={IEEE}
}
@inproceedings{chepurnoy2018checking,
  title={Checking laws of the blockchain with property-based testing},
  author={Chepurnoy, Alexander and Rathee, Mayank},
  booktitle={Blockchain Oriented Software Engineering (IWBOSE), 2018 International Workshop on},
  pages={40--47},
  year={2018},
  organization={IEEE}
}
@inproceedings{hanus2016currycheck,
  title={CurryCheck: Checking properties of Curry programs},
  author={Hanus, Michael},
  booktitle={International Symposium on Logic-Based Program Synthesis and Transformation},
  pages={222--239},
  year={2016},
  organization={Springer}
}
@inproceedings{aichernig2017property,
  title={Property-based testing with external test-case generators},
  author={Aichernig, Bernhard K and Marcovic, Silvio and Schumi, Richard},
  booktitle={Software Testing, Verification and Validation Workshops (ICSTW), 2017 IEEE International Conference on},
  pages={337--346},
  year={2017},
  organization={IEEE}
}
@inproceedings{aichernig2017statistical,
  title={Statistical model checking meets property-based testing},
  author={Aichernig, Bernhard K and Schumi, Richard},
  booktitle={Software Testing, Verification and Validation (ICST), 2017 IEEE International Conference on},
  pages={390--400},
  year={2017},
  organization={IEEE}
}
@inproceedings{almendros2017web,
  title={A Web Tool for Type Checking and Testing of SPARQL Queries},
  author={Almendros-Jim{\'e}nez, Jes{\'u}s M and Becerra-Ter{\'o}n, Antonio},
  booktitle={International Conference on Web Engineering},
  pages={535--538},
  year={2017},
  organization={Springer}
}

@phdthesis{paiva2016aplicaccao,
  title={Aplica{\c{c}}{\~a}o de modelos de defeitos na gera{\c{c}}{\~a}o de conjuntos de teste completos a partir de Sistemas de Transi{\c{c}}{\~a}o com Entrada/Sa{\'\i}da},
  author={Paiva, Sofia Larissa da Costa},
  year={2016},
  school={Universidade de S{\~a}o Paulo}
}