@misc{tics,
  title = {Information and Information Technologies expasion perspectives},
  howpublished = {\url{https://www.telesemana.com/futurecom/pt/2014/10/08/mercado-nacional-de-tics-e-perspectivas-de-expansao/}},
  note = {Accessed: 2019-06-14}
}
@misc{tendencies,
  title = {Software market expansion},
  howpublished = {\url{https://www.itforum365.com.br/digital/transformacao-digital-esta-por-tras-da-expansao-do-mercado-de-software-veja-8-tendencias/}},
  note = {Accessed: 2019-06-14}
}
@misc{failures,
  title = {Cost of Failures in Software},
  howpublished = {\url{http://www.base2.com.br/2017/03/20/falhas-em-software-provocaram-prejuizos-de-us-1-1-trilhao-em-2016/}},
  note = {Accessed: 2019-06-14}
}
http://www.base2.com.br/2017/03/20/falhas-em-software-provocaram-prejuizos-de-us-1-1-trilhao-em-2016/